@BOOK(WS1982,
    Author         = "Gunter Wyszecki and W. S. Stiles",
    Publisher      = "Whiley Interscience",
    Title          = "Color Science",
    Year           = "1982")

@BOOK(GM1998,
    Author         = "Edward J. Giorgianni and Thomas E. Madden",
    Publisher      = "Addison Wesley",
    Title          = "Digital Color Management",
    Year           = "1998")

@BOOK(RB2000,
    Author         = "Roy S. Berns",
    Publisher      = "Whiley Interscience",
    Title          = "Principles of Color Technology",
    Year           = "2000")

@electronic{VTK,
  TITLE         = "Visual Toolkit ({VTK})",
  URL           = "http://www.vtk.org/",
  YEAR          = "2007",
}

@electronic{ITK,
  TITLE         = "National Library of Medicine Insight Segmentation and Registration Toolkit ({ITK})",
  URL           = "http://www.itk.org/",
  YEAR          = "2007",
}

@electronic{GM,
  TITLE         = "Graphics{M}agick",
  URL           = "http://www.graphicsmagick.org/",
  YEAR          = "2007",
}

@electronic{IM,
  TITLE         = "Image{M}agick",
  URL           = "http://www.imagemagick.org/",
  YEAR          = "2007",
}

@electronic{shortcut,
  TITLE         = "Shortcut",
  URL           = "http://www.trulyphotomagic.com/",
  YEAR          = "2005",
}

@electronic{altamira,
  title         = "Altamira Group",
  url           = "http://www.altamira-group.com/",
  year          = "2005",
}

@ARTICLE{YV1995,
	AUTHOR = "I.T. Young and L.J. van Vliet",
	TITLE = "Recursive implementation of the {G}aussian filter",
	JOURNAL = "Signal Processing",
	YEAR = 1995,
	VOLUME = 44,
	PAGES = "139--151"
}

@ARTICLE{VYV1998,
	AUTHOR = "Lucas J. van Vliet and Ian T. Young and Piet W. Verbeek",
	TITLE = "Recursive {G}aussian Derivative Filters",
	JOURNAL = "IEEE Computer Society Press",
	YEAR = 1998,
	VOLUME = 1,
	PAGES = "509--514"
}
@misc{
    scikit-learn,
    title="scikit-learn",
    url="https://scikit-learn.org/stable/supervised_learning.html#supervised-learning"
}

@ONLINE{
    nltk,
    title="NLTK",
    url="https://www.nltk.org/"
}

@ONLINE{
    keras,
    title="Keras",
    url="https://keras.io/api/models/model_training_apis/"
}

@ONLINE{
    flask,
    title="Flask",
    url="https://flask.palletsprojects.com/en/2.2.x/"
}

@ONLINE{
    django,
    title="Django",
    url="https://docs.djangoproject.com/en/4.2/"
}

    @misc{DMuresanConOps,
  author        = {David Darian Muresan},
  title         = {Concept of Operations},
  month         = {March},
  year          = {2023},
  Institution   = {Stevens Institute Of Technology}
}

@misc{DMuresanRequirements Analysis,
  author        = {David Darian Muresan},
  title         = {Requirements Analysis},
  month         = {April},
  year          = {2023},
  Institution   = {Stevens Institute Of Technology}
}
@misc{DMuresanStakeholders,
  author        = {David Darian Muresan},
  title         = {Stakeholders},
  month         = {February },
  year          = {2023},
  Institution   = {Stevens Institute Of Technology}
}
@misc{DMuresanBusinessreq,
  author        = {David Darian Muresan},
  title         = {Business Requirements},
  month         = {February},
  year          = {2023},
  Institution   = {Stevens Institute Of Technology}
}
@misc{DMuresanUserreq,
  author        = {David Darian Muresan},
  title         = {User Requirements},
  month         = {February},
  year          = {2023},
  Institution   = {Stevens Institute Of Technology}

  
}
@misc{DMuresanReqelicitation,
  author        = {David Darian Muresan},
  title         = {Requirements Elicitation},
  month         = {March},
  year          = {2023},
  Institution   = {Stevens Institute Of Technology}

  
}

@misc{jira,
  title         = {Jira},
  author        = {Atlassian},
  howpublished  = {\url{https://https://start.atlassian.com/}},
  year          = {Accessed: 2023}
}

@misc{github,
  title         = {GitHub},
  author        = {GitHub Inc.},
  howpublished  = {\url{https://github.com/sidhdhuk09/SSW-564-ConOps-}},
  year          = {Accessed: 2023}
}

@misc{aws,
  title         = {Amazon Web Services (AWS)},
  author        = {Amazon.com, Inc.},
  howpublished  = {\url{https://aws.amazon.com/}},
  year          = {Accessed: 2023}
}

@misc{coverity,
  title         = {Coverity},
  author        = {Synopsys, Inc.},
  howpublished  = {\url{https://www.synopsys.com/software-integrity/security-testing/static-analysis-sast.html}},
  year          = {Accessed: 2023}
}

@misc{chatgpt,
  title         = {ChatGPT},
  author        = {OpenAI LP},
  howpublished  = {\url{https://chat.openai.com/}},
  year          = {Accessed: 2023}
}

@misc{velero,
  title         = {Velero},
  author        = {VMware, Inc.},
  howpublished  = {\url{https://velero.io/}},
  year          = {Accessed: 2023}
}

